@misc{website:FTrace,
	author = "{Steven Rostedt}",
	title = "ftrace - Function Tracer",
	month = "March",
	year = "2017",
	url = "https://www.kernel.org/doc/Documentation/trace/ftrace.txt"
}


@misc{website:Rtems,
	author = 	"{Chris Johns}",
	title = 	"RTEMS Source Builder",
	month = 	"March",
	year = 		"2017",
	url = 		"https://docs.rtems.org/rsb/"
}

@misc{website:LWNJailhouse,
	author = 	"{Valentine Sinitsyn}",
	title = 	"Understanding the Jailhouse hypervisor, part 1",
	month = 	"March",
	year = 		"2017",
	url = 		"https://lwn.net/Articles/578295/"
}

@misc{website:SourceOfSources,
	author = 	"{Alumni Student}",
	title = 	"",
	month = 	"March",
	year = 		"2017",
	url = 		"https://support.dce.felk.cvut.cz/mediawiki/images/0/0b/Bp_2016_baryshnikov_maxim.pdf"}

@misc{website:Rtems,
	author = 	"{Idon't know}",
	title = 	"",
	month = 	"March",
	year = 		"2017",
	url = 		"https://docs.rtems.org/rsb/"
}

@BOOK{Stroustrup2000,
	AUTHOR="B. Stroustrup",
	TITLE="Die C++ Programmiersprache",
	PUBLISHER="Addison-Wesley",
	YEAR=2000,
	ADDRESS="Boston"
}

@BOOK{Meyers1997,
	AUTHOR="S. Meyers",
	TITLE="Mehr Effektiv C++ programmieren",
	PUBLISHER="Addison-Wesley",
	YEAR=1997,
	ADDRESS="Boston"
}

@BOOK{GoF1994,
	AUTHOR="GoF",
	TITLE="Design Patterns. Elements of Reusable Object-Oriented Software.",
	PUBLISHER="Addison-Wesley",
	YEAR=1994,
	ADDRESS="Boston"
}

@BOOK{Martin2008,
	AUTHOR="R. C. Martin",
	TITLE="Clean Code: A Handbook of Agile Software Craftsmanship",
	PUBLISHER="Prentice Hall",
	YEAR=2008,
	ADDRESS="Upper Saddle River"
}

@misc{website:Altia,
	author = "{Altia Inc.}",
	title = "Altia: Company Overview",
	month = "December",
	year = "2015",
	url = "http://www.altia.com/company.php"
}


